<?xml version="1.0"?>
<marc:records xmlns:marc="http://www.loc.gov/MARC21/slim" xmlns:xsi="http://www.w3.org/2001/XMLSchema-instance" xsi:schemaLocation="http://www.loc.gov/MARC21/slim http://www.loc.gov/standards/marcxml/schema/MARC21slim.xsd">
  <marc:record>
    <marc:leader>03413ntd a2200517Ia 4500</marc:leader>
    <marc:controlfield tag="001">9978120411903681</marc:controlfield>
    <marc:controlfield tag="005">20220624111800.0</marc:controlfield>
    <marc:controlfield tag="008">220330q12001299xx            000 0 heb d</marc:controlfield>
    <marc:datafield ind1=" " ind2=" " tag="035">
  <marc:subfield code="a">(OCoLC)1306450016</marc:subfield>
</marc:datafield>
    <marc:datafield ind1=" " ind2=" " tag="035">
  <marc:subfield code="a">(OCoLC)on1306450016</marc:subfield>
</marc:datafield>
    <marc:datafield ind1=" " ind2=" " tag="040">
  <marc:subfield code="a">PAU</marc:subfield>
  <marc:subfield code="b">eng</marc:subfield>
  <marc:subfield code="e">dacs</marc:subfield>
  <marc:subfield code="c">PAU</marc:subfield>
</marc:datafield>
    <marc:datafield ind1=" " ind2="9" tag="099">
  <marc:subfield code="a">CAJS: RAR MS 82.313.1.9</marc:subfield>
</marc:datafield>
    <marc:datafield ind1="0" ind2=" " tag="130">
  <marc:subfield code="6">880-01</marc:subfield>
  <marc:subfield code="a">Bible.</marc:subfield>
  <marc:subfield code="p">Psalms, X.</marc:subfield>
  <marc:subfield code="l">Hebrew.</marc:subfield>
</marc:datafield>
    <marc:datafield ind1="1" ind2="0" tag="245">
  <marc:subfield code="6">880-02</marc:subfield>
  <marc:subfield code="a">Fragment of a Psalter,</marc:subfield>
  <marc:subfield code="f">1200?-1299?</marc:subfield>
</marc:datafield>
    <marc:datafield ind1=" " ind2=" " tag="300">
  <marc:subfield code="a">1</marc:subfield>
  <marc:subfield code="f">leaf :</marc:subfield>
  <marc:subfield code="b">paper</marc:subfield>
</marc:datafield>
    <marc:datafield ind1=" " ind2=" " tag="336">
  <marc:subfield code="a">text</marc:subfield>
  <marc:subfield code="b">txt</marc:subfield>
  <marc:subfield code="2">rdacontent</marc:subfield>
</marc:datafield>
    <marc:datafield ind1=" " ind2=" " tag="337">
  <marc:subfield code="a">unmediated</marc:subfield>
  <marc:subfield code="b">n</marc:subfield>
  <marc:subfield code="2">rdamedia</marc:subfield>
</marc:datafield>
    <marc:datafield ind1=" " ind2=" " tag="338">
  <marc:subfield code="a">unspecified</marc:subfield>
  <marc:subfield code="b">zu</marc:subfield>
  <marc:subfield code="2">rdacarrier</marc:subfield>
</marc:datafield>
    <marc:datafield ind1=" " ind2=" " tag="524">
  <marc:subfield code="a">UPenn CAJS: RAR MS 82.313.1.9.</marc:subfield>
</marc:datafield>
    <marc:datafield ind1=" " ind2=" " tag="546">
  <marc:subfield code="a">In Hebrew.</marc:subfield>
</marc:datafield>
    <marc:datafield ind1="1" ind2=" " tag="561">
  <marc:subfield code="a">Formerly held in the Cairo Genizah Collection (Dropsie College).</marc:subfield>
</marc:datafield>
    <marc:datafield ind1="1" ind2=" " tag="561">
  <marc:subfield code="a">Transferred to the Cairo Genizah Collection (Library at the Herbert D. Katz Center for Advanced Judaic Studies, University of Pennsylvania).</marc:subfield>
</marc:datafield>
    <marc:datafield ind1=" " ind2="7" tag="648">
  <marc:subfield code="a">13th century.</marc:subfield>
  <marc:subfield code="2">fast</marc:subfield>
</marc:datafield>
    <marc:datafield ind1=" " ind2="0" tag="650">
  <marc:subfield code="a">Manuscript fragments</marc:subfield>
  <marc:subfield code="v">Specimens.</marc:subfield>
</marc:datafield>
    <marc:datafield ind1=" " ind2="0" tag="650">
  <marc:subfield code="a">Jews</marc:subfield>
  <marc:subfield code="z">Egypt</marc:subfield>
  <marc:subfield code="y">13th century</marc:subfield>
  <marc:subfield code="x">History</marc:subfield>
  <marc:subfield code="v">Sources.</marc:subfield>
</marc:datafield>
    <marc:datafield ind1=" " ind2="7" tag="650">
  <marc:subfield code="a">Jews.</marc:subfield>
  <marc:subfield code="2">fast</marc:subfield>
  <marc:subfield code="0">http://id.worldcat.org/fast/983135</marc:subfield>
</marc:datafield>
    <marc:datafield ind1=" " ind2="7" tag="650">
  <marc:subfield code="a">History.</marc:subfield>
  <marc:subfield code="2">fast</marc:subfield>
  <marc:subfield code="0">http://id.worldcat.org/fast/958235</marc:subfield>
</marc:datafield>
    <marc:datafield ind1=" " ind2="7" tag="650">
  <marc:subfield code="a">Manuscript fragments.</marc:subfield>
  <marc:subfield code="2">fast</marc:subfield>
  <marc:subfield code="0">http://id.worldcat.org/fast/1938802</marc:subfield>
</marc:datafield>
    <marc:datafield ind1=" " ind2="7" tag="651">
  <marc:subfield code="a">Egypt.</marc:subfield>
  <marc:subfield code="2">fast</marc:subfield>
  <marc:subfield code="0">http://id.worldcat.org/fast/1208755</marc:subfield>
</marc:datafield>
    <marc:datafield ind1=" " ind2="7" tag="655">
  <marc:subfield code="a">Sources.</marc:subfield>
  <marc:subfield code="2">fast</marc:subfield>
  <marc:subfield code="0">http://id.worldcat.org/fast/1423900</marc:subfield>
</marc:datafield>
    <marc:datafield ind1=" " ind2="7" tag="655">
  <marc:subfield code="a">Specimens.</marc:subfield>
  <marc:subfield code="2">fast</marc:subfield>
  <marc:subfield code="0">http://id.worldcat.org/fast/1423861</marc:subfield>
</marc:datafield>
    <marc:datafield ind1=" " ind2="7" tag="655">
  <marc:subfield code="a">Psalters.</marc:subfield>
  <marc:subfield code="2">lcgft</marc:subfield>
  <marc:subfield code="0">http://id.loc.gov/authorities/genreForms/gf2015026080</marc:subfield>
</marc:datafield>
    <marc:datafield ind1=" " ind2="7" tag="655">
  <marc:subfield code="a">Psalters.</marc:subfield>
  <marc:subfield code="2">fast</marc:subfield>
  <marc:subfield code="0">http://id.worldcat.org/fast/1922512</marc:subfield>
</marc:datafield>
    <marc:datafield ind1=" " ind2="0" tag="655">
  <marc:subfield code="a">Manuscripts, Medieval.</marc:subfield>
</marc:datafield>
    <marc:datafield ind1=" " ind2="7" tag="655">
  <marc:subfield code="a">Manuscripts, Hebrew</marc:subfield>
  <marc:subfield code="y">13th century.</marc:subfield>
  <marc:subfield code="2">local</marc:subfield>
</marc:datafield>
    <marc:datafield ind1=" " ind2="7" tag="655">
  <marc:subfield code="a">Fragments (object portions)</marc:subfield>
  <marc:subfield code="2">aat</marc:subfield>
  <marc:subfield code="0">http://vocab.getty.edu/aat/300117130</marc:subfield>
</marc:datafield>
    <marc:datafield ind1="2" ind2=" " tag="710">
  <marc:subfield code="a">Cairo Genizah Collection (University of Pennsylvania. Center for Advanced Judaic Studies. Library).</marc:subfield>
  <marc:subfield code="k">Manuscript.</marc:subfield>
  <marc:subfield code="n">CAJS: RAR MS 82.313.1.9.</marc:subfield>
</marc:datafield>
    <marc:datafield ind1="0" ind2=" " tag="773">
  <marc:subfield code="t">Cairo Genizah Collection.</marc:subfield>
</marc:datafield>
    <marc:datafield ind1=" " ind2=" " tag="852">
  <marc:subfield code="b">Library at the Herbert D. Katz Center for Advanced Judaic Studies</marc:subfield>
  <marc:subfield code="a">University of Pennsylvania</marc:subfield>
  <marc:subfield code="e">420 Walnut Street, Philadelphia, Pennsylvania 19106-3703.</marc:subfield>
  <marc:subfield code="j">CAJS: RAR MS 82.313.1.9</marc:subfield>
</marc:datafield>
    <marc:datafield ind1="4" ind2="1" tag="856">
  <marc:subfield code="z">Digital facsimile for browsing (Colenda)</marc:subfield>
  <marc:subfield code="u">https://colenda.library.upenn.edu/catalog/81431-p3s17tb30</marc:subfield>
</marc:datafield>
    <marc:datafield ind1="0" ind2=" " tag="880">
  <marc:subfield code="6">130-01//r</marc:subfield>
  <marc:subfield code="a">&#x5EA;&#x5E0;"&#x5DA;.</marc:subfield>
  <marc:subfield code="p">&#x5EA;&#x5D4;&#x5DC;&#x5D9;&#x5DD;, &#x5D9;'.</marc:subfield>
  <marc:subfield code="l">&#x5E2;&#x5D1;&#x5E8;&#x5D9;&#x5EA;.</marc:subfield>
</marc:datafield>
    <marc:datafield ind1=" " ind2=" " tag="880">
  <marc:subfield code="6">520-00//r</marc:subfield>
  <marc:subfield code="a">Fragment of a 13th century Psalter originating in the Middle East; surviving is Psalms X (and the superscription for XI, &#x5DC;&#x5DE;&#x5E0;&#x5E6;&#x5D7; &#x5DC;&#x5D3;&#x5D5;&#x5D3; (verso); written in 12 lines in two columns (with each verse read across both columns; called &#x5D0;&#x5E8;&#x5D9;&#x5D7; &#x5E2;&#x5DC; &#x5D2;&#x5D1;&#x5D9; &#x5D0;&#x5E8;&#x5D9;&#x5D7;; opening words of Psalms XI centered below the bottom line; verso); written in a 13th century square script, final line of recto vocalized. Written in 12 lines (with the opening words of Psalms XI centered below the bottom line; verso); two instances of Qere in the inner margin (recto); punch holes visible at inner margin.</marc:subfield>
</marc:datafield>
    <marc:datafield ind1="1" ind2="0" tag="880">
  <marc:subfield code="6">245-02//r</marc:subfield>
  <marc:subfield code="a">&#x5E7;&#x5D8;&#x5E2; &#x5DE;&#x5E1;&#x5E4;&#x5E8; &#x5EA;&#x5D4;&#x5DC;&#x5D9;&#x5DD;,</marc:subfield>
  <marc:subfield code="f">1200?-1299?.</marc:subfield>
</marc:datafield>
    <marc:datafield ind1=" " ind2=" " tag="902">
  <marc:subfield code="a">MARCIVE 2022</marc:subfield>
</marc:datafield>
    <marc:datafield ind1=" " ind2=" " tag="948">
  <marc:subfield code="h">HELD BY PAU - 0 OTHER HOLDINGS</marc:subfield>
</marc:datafield>
    <marc:datafield ind1=" " ind2=" " tag="994">
  <marc:subfield code="a">Z0</marc:subfield>
  <marc:subfield code="b">PAU</marc:subfield>
</marc:datafield>
    <marc:holdings>
      <marc:holding>
        <marc:holding_id>22693948380003681</marc:holding_id>
        <marc:call_number>CAJS: RAR MS 82.313.1.9</marc:call_number>
        <marc:library>KatzLib</marc:library>
        <marc:location>cjsrarms</marc:location>
      </marc:holding>
    </marc:holdings>
  </marc:record>
</marc:records>
